<record><leader>00000cas a22000007a 4500</leader><controlfield tag="001">13461224</controlfield><controlfield tag="008">860421d19061914wiuwr ne      0    0ger d</controlfield><datafield ind1=" " ind2=" " tag="010"><subfield code="a">sn 86086184 </subfield></datafield><datafield ind1=" " ind2=" " tag="040"><subfield code="a">NPV</subfield><subfield code="b">eng</subfield><subfield code="c">NPV</subfield><subfield code="d">OCLCQ</subfield></datafield><datafield ind1=" " ind2=" " tag="042"><subfield code="a">msc</subfield></datafield><datafield ind1=" " ind2=" " tag="045"><subfield code="a">x0x1</subfield></datafield><datafield ind1=" " ind2=" " tag="052"><subfield code="a">4123</subfield><subfield code="b">L2</subfield></datafield><datafield ind1="0" ind2="0" tag="245"><subfield code="a">Nordstern bla&#776;tter.</subfield></datafield><datafield ind1="1" ind2="3" tag="246"><subfield code="a">Landrath</subfield></datafield><datafield ind1=" " ind2=" " tag="260"><subfield code="a">La Crosse, Wis. :</subfield><subfield code="b">Nordstern Association,</subfield><subfield code="c">1906-1914.</subfield></datafield><datafield ind1=" " ind2=" " tag="300"><subfield code="a">v.</subfield></datafield><datafield ind1=" " ind2=" " tag="310"><subfield code="a">Weekly</subfield></datafield><datafield ind1="0" ind2=" " tag="362"><subfield code="a">Jahrg. 16, no. 34 (23 Oct., 1906)-jahrg. 23, no. 19 (3 Feb., 1914).</subfield></datafield><datafield ind1=" " ind2=" " tag="500"><subfield code="a">Added masthead: Der Landrath ; Jahrgang 16, no. 34 (23 Oct., 1906)-jahrg. 23, no. 45 (6 Jan. 1914).</subfield></datafield><datafield ind1=" " ind2=" " tag="530"><subfield code="a">Available on microfilm from The State Historical Society of Wisconsin.</subfield></datafield><datafield ind1=" " ind2=" " tag="752"><subfield code="a">United States</subfield><subfield code="b">Wisconsin</subfield><subfield code="c">La Crosse</subfield><subfield code="d">La Crosse.</subfield></datafield><datafield ind1="0" ind2="0" tag="780"><subfield code="t">Nord stern bla&#776;tter</subfield><subfield code="w">(DLC)sn 86086183</subfield></datafield><datafield ind1="0" ind2="0" tag="785"><subfield code="t">Morgen stern</subfield><subfield code="w">(DLC)sn 86086185</subfield></datafield></record>